% Hier kommen Referenzen hinein
% Damit diese auch gefunden werden, muss im Hauptverzeichnis
% bibtex "datei.aux" also hier diplom.aux ausgeführt werden 
@Book{referenzA,
	author = {Autor des Titels},
	title = {Titel der Referenz},
	publisher = {Herausgeber},
	year = {Das Jahr},
	address = {\url{http://www.eine.url.der.referenz.de}},
	note = {ein paar zusaetzliche Sachen}
}

@Article{Prager1961,
  author = {W. Prager},
  title =  {An Elementary Discussion of Definitions of Stress Rate},
  journal = {Division of Applied Mathematics},
  year =   {1961},
}
  
@Misc{latextug,
  author =       {Quaritsch, T. and Voit, K. and Prokop, L. and Schlager, T. and Hammer, M.},
  title =        {LaTeX@TU Graz-Projekt},
  howpublished = "\url{http://latex.tugraz.at}",
  note = {Letzer Zugriff: 2016-05-31}
}